@Online{history,
	Title                    = {The History Of Gamification: From The Very Beginning To Right Now},
	Author                   = {{Growth Engineering}},
	Year                     = {2019},
	url                      = {https://www.growthengineering.co.uk/history-of-gamification/},
}

@Online{classcraft,
	Title                    = {10 important facts about games and learning},
	Author                   = {Sean Arnold},
	Year                     = {2017},
	url                      = {https://www.classcraft.com/blog/features/10-facts-games-learning/},
}

@Online{hackernoon,
	Title                    = {Top Industries Getting Revolutionised by Artificial Intelligence},
	Author                   = {Sophia Martin},
	Year                     = {2019},
	url                      = {https://medium.com/hackernoon/top-industries-getting-revolutionised-by-artificial-intelligence-686a440857c0},
}



@Online{wikigame,
	Title                    = {Gamification},
	Author                   = {{Wikipedia}},
	Year                     = {2020},
	url                      = {https://en.wikipedia.org/wiki/Gamification},
}

@Online{gamelaw,
	Title                    = {Gamification and Law or How to stay out of Prison despite Gamification},
	Author                   = {Mario Herger},
	Year                     = {2012},
	url                      =  {https://web.archive.org/web/20120425121358/http:/enterprise-gamification.com/index.php/en/blog/4-blog/65-gamification-and-law-or-how-to-stay-out-of-prison-despite-gamification},
}

@Online{dataagg,
	Title                    = {Data Aggregation},
	Author                   = {{Wikipedia}},
	Year                     = {2020},
	url                      = {https://en.wikipedia.org/wiki/Data_aggregation},
}

@Online{janeted,
	Title                    = {Gaming Can Make a Better World},
	Author                   = {Jane McGonigal},
	Year                     = {2010},
	url                      = {https://www.ted.com/talks/jane_mcgonigal_gaming_can_make_a_better_world?language=en#t-1184578},
}

@Online{chi2011,
	Title                    = {{CHI}},
	Author                   = {{Gamification: Using Game-Design Elements in Non-Gaming Contexts}},
	Year                     = {2011},
	url                      = {http://chi2011.org/communities/games/index.html},
}

@Online{gamresearch,
	Author                   = {{Gamification Research Network}},
	Year                     = {2020},
	url                      = {http://gamification-research.org/about/},
}

@Online{pokegwr,
	Title                    = {Pokémon Go catches five new world records},
	Author                   = {Rachel Swatman},
	Year                     = {2016},
	url                      = {https://www.guinnessworldrecords.com/news/2016/8/pokemon-go-catches-five-world-records-439327},
}

@Online{highlighter,
	Title                    = {Slides Code Highlighter},
	Author                   = {Roman Nurik},
	Year                     = {2017},
	url                      = {https://romannurik.github.io/SlidesCodeHighlighter},
}

@INPROCEEDINGS{silv11,
	author    = {Silverman, Rachel},
	title = {"Latest Game Theory: Mixing Work and Play — Companies Adopt gaming Techniques to Motivate Employees". },
	year      = {2011},
	publisher = {Wallstreet Journal},
}

@INPROCEEDINGS{walz15,
	author    = {Walz, Steffen},
	booktitle = {The Gameful World: Approaches, Issues, Applications},
	year      = {2015},
	publisher = {MIT Press},
	isbn      = {9780262325721},
	numpages  = {31},
}

@INPROCEEDINGS{kaj86,
    author    = {Kajiya, James T.},
    title     = {The Rendering Equation},
    booktitle = {Proceedings of the 13th Annual Conference on Computer Graphics and Interactive Techniques},
    year      = {1986},
    series    = {SIGGRAPH '86},
    pages     = {143--150},
    address   = {New York, NY, USA},
    publisher = {ACM},
    isbn      = {0-89791-196-2},
    numpages  = {8},
    acmid     = {15902}
}
